%% This BibTeX bibliography file was created using BibDesk.
%% http://bibdesk.sourceforge.net/


%% Created for Eli Gutin at 2015-01-27 06:12:47 -0500 


%% Saved with string encoding Unicode (UTF-8) 

@article{whittle1980multi,
	title={Multi-armed bandits and the Gittins index},
	author={Whittle, Peter},
	journal={Journal of the Royal Statistical Society. Series B (Methodological)},
	pages={143--149},
	year={1980},
	publisher={JSTOR}
}

@book{berry1985bandit,
	title={Bandit problems: sequential allocation of experiments (Monographs on statistics and applied probability)},
	author={Berry, Donald A and Fristedt, Bert},
	year={1985},
	publisher={Springer}
}

@article{whittle1988restless,
	title={Restless bandits: Activity allocation in a changing world},
	author={Whittle, Peter},
	journal={Journal of applied probability},
	pages={287--298},
	year={1988},
	publisher={JSTOR}
}

@article{shahriari2016taking,
	title={Taking the human out of the loop: A review of bayesian optimization},
	author={Shahriari, Bobak and Swersky, Kevin and Wang, Ziyu and Adams, Ryan P and de Freitas, Nando},
	journal={Proceedings of the IEEE},
	volume={104},
	number={1},
	pages={148--175},
	year={2016},
	publisher={IEEE}
}

@book{berry1985bandit,
	title={Bandit problems: sequential allocation of experiments (Monographs on statistics and applied probability)},
	author={Berry, Donald A and Fristedt, Bert},
	year={1985},
	publisher={Springer}
}

@book{gittins2011multi,
	title={Multi-armed bandit allocation indices},
	author={Gittins, John and Glazebrook, Kevin and Weber, Richard},
	year={2011},
	publisher={John Wiley \& Sons}
}

@article{gittins1979bandit,
	title={Bandit processes and dynamic allocation indices},
	author={Gittins, John C},
	journal={Journal of the Royal Statistical Society. Series B (Methodological)},
	pages={148--177},
	year={1979},
	publisher={JSTOR}
}

@inproceedings{russo2014learning,
  title={Learning to optimize via information-directed sampling},
  author={Russo, Dan and Van Roy, Benjamin},
  booktitle={Advances in Neural Information Processing Systems},
  pages={1583--1591},
  year={2014}
}

@book{powell2012optimal,
	title={Optimal learning},
	author={Powell, Warren B and Ryzhov, Ilya O},
	volume={841},
	year={2012},
	publisher={John Wiley \& Sons}
}

@inproceedings{agrawalanalysis,
	title={Analysis of Thompson Sampling for the Multi-armed Bandit Problem},
	author={Agrawal, Shipra and Goyal, Navin},
	booktitle={COLT},
	year={2012}
}

@article{lai1987adaptive,
	title={Adaptive treatment allocation and the multi-armed bandit problem},
	author={Lai, Tze Leung},
	journal={The Annals of Statistics},
	pages={1091--1114},
	year={1987},
	publisher={JSTOR}
}

@book{cover2012elements,
	title={Elements of information theory},
	author={Cover, Thomas M and Thomas, Joy A},
	year={2012},
	publisher={John Wiley \& Sons}
}

@article{jogdeo1968monotone,
	title={Monotone convergence of binomial probabilities and a generalization of Ramanujan's equation},
	author={Jogdeo, Kumar and Samuels, Stephen M},
	journal={The Annals of Mathematical Statistics},
	pages={1191--1195},
	year={1968},
	publisher={JSTOR}
}

@inproceedings{agrawal2013further,
	title={Further Optimal Regret Bounds for Thompson Sampling},
	author={Agrawal, Shipra and Goyal, Navin},
	booktitle={Proceedings of the Sixteenth International Conference on Artificial Intelligence and Statistics},
	pages={99--107},
	year={2013}
}

@article{lai1985asymptotically,
	title={Asymptotically efficient adaptive allocation rules},
	author={Lai, Tze Leung and Robbins, Herbert},
	journal={Advances in applied mathematics},
	volume={6},
	number={1},
	pages={4--22},
	year={1985},
	publisher={Elsevier}
}

@article{thompson1933likelihood,
	title={On the likelihood that one unknown probability exceeds another in view of the evidence of two samples},
	author={Thompson, William R},
	journal={Biometrika},
	pages={285--294},
	year={1933},
	publisher={JSTOR}
}

@inproceedings{kaufmann2012thompson,
	title={Thompson sampling: An asymptotically optimal finite-time analysis},
	author={Kaufmann, Emilie and Korda, Nathaniel and Munos, R{\'e}mi},
	booktitle={Algorithmic Learning Theory},
	pages={199--213},
	year={2012},
	organization={Springer}
}

@inproceedings{garivier2011kl,
	title={The KL-UCB algorithm for bounded stochastic bandits and beyond},
	author={Garivier, Aur{\'e}lien},
	booktitle={COLT},
	year={2011}
}

@article{nino2011computing,
	title={Computing a classic index for finite-horizon bandits},
	author={Ni{\~n}o-Mora, Jos{\'e}},
	journal={INFORMS Journal on Computing},
	volume={23},
	number={2},
	pages={254--267},
	year={2011},
	publisher={INFORMS}
}

@inproceedings{kaufmann2012thompson,
	title={Thompson sampling: An asymptotically optimal finite-time analysis},
	author={Kaufmann, Emilie and Korda, Nathaniel and Munos, R{\'e}mi},
	booktitle={Algorithmic Learning Theory},
	pages={199--213},
	year={2012},
	organization={Springer}
}

@inproceedings{korda2013thompson,
	title={Thompson sampling for 1-dimensional exponential family bandits},
	author={Korda, Nathaniel and Kaufmann, Emilie and Munos, R{\'e}mi},
	booktitle={Advances in Neural Information Processing Systems},
	pages={1448--1456},
	year={2013}
}

@inproceedings{chapelle2011empirical,
	title={An empirical evaluation of thompson sampling},
	author={Chapelle, Olivier and Li, Lihong},
	booktitle={Advances in neural information processing systems},
	pages={2249--2257},
	year={2011}
}

@article{auer2002finite,
	title={Finite-time analysis of the multiarmed bandit problem},
	author={Auer, Peter and Cesa-Bianchi, Nicolo and Fischer, Paul},
	journal={Machine learning},
	volume={47},
	number={2-3},
	pages={235--256},
	year={2002},
	publisher={Springer}
}

@incollection{robbins1985some,
	title={Some aspects of the sequential design of experiments},
	author={Robbins, Herbert},
	booktitle={Herbert Robbins Selected Papers},
	pages={169--177},
	year={1985},
	publisher={Springer}
}

@article{whittle1980multi,
	title={Multi-armed bandits and the Gittins index},
	author={Whittle, Peter},
	journal={Journal of the Royal Statistical Society. Series B (Methodological)},
	pages={143--149},
	year={1980},
	publisher={JSTOR}
}

@article{weber1992gittins,
	title={On the Gittins index for multiarmed bandits},
	author={Weber, Richard and others},
	journal={The Annals of Applied Probability},
	volume={2},
	number={4},
	pages={1024--1033},
	year={1992},
	publisher={Institute of Mathematical Statistics}
}

@article{tsitsiklis1994short,
	title={A short proof of the Gittins index theorem},
	author={Tsitsiklis, John N},
	journal={The Annals of Applied Probability},
	pages={194--199},
	year={1994},
	publisher={JSTOR}
}

@article{cesa2012combinatorial,
	title={Combinatorial bandits},
	author={Cesa-Bianchi, Nicolo and Lugosi, G{\'a}bor},
	journal={Journal of Computer and System Sciences},
	volume={78},
	number={5},
	pages={1404--1422},
	year={2012},
	publisher={Elsevier}
}

@article{agrawal1995sample,
	title={Sample mean based index policies with $\mathcal{O}(\log n)$ regret for the multi-armed bandit problem},
	author={Agrawal, Rajeev},
	journal={Advances in Applied Probability},
	pages={1054--1078},
	year={1995},
	publisher={JSTOR}
}

@article{lattimore2016regret,
	title={Regret Analysis of the Anytime Optimally Confident UCB Algorithm},
	author={Lattimore, Tor},
	journal={arXiv preprint arXiv:1603.08661},
	year={2016}
}

@article{lattimore2015regret,
	title={Regret analysis of the finite-horizon gittins index strategy for multi-armed bandits},
	author={Lattimore, Tor},
	journal={arXiv preprint arXiv:1511.06014},
	year={2015}
}

@article{bertsimas1996conservation,
	title={Conservation laws, extended polymatroids and multiarmed bandit problems; a polyhedral approach to indexable systems},
	author={Bertsimas, Dimitris and Ni{\~n}o-Mora, Jos{\'e}},
	journal={Mathematics of Operations Research},
	volume={21},
	number={2},
	pages={257--306},
	year={1996},
	publisher={INFORMS}
}